@misc{android:sqlite,
	author = {{Android}},
	title = {{Storage Options: Using Databases}},
	howpublished = {\url{https://developer.android.com/guide/topics/data/data-storage.html#db}},
	year = {2016},
	note = {Accessed 29.05.2016}
}

@misc{android:sharedprefs,
	author = {{Android}},
	title = {{Storage Options: Using Shared Preferences}},
	howpublished = {\url{https://developer.android.com/guide/topics/data/data-storage.html#pref}},
	year = {2016},
	note = {Accessed 29.05.2016}
}
